@inproceedings{allen2016variance,
	title={Variance reduction for faster non-convex optimization},
	author={Allen-Zhu, Zeyuan and Hazan, Elad},
	booktitle={International Conference on Machine Learning},
	year={2016}
}

@inproceedings{bietti2017stochastic,
title={Stochastic Optimization with Variance Reduction for Infinite Datasets with Finite Sum Structure},
author={Bietti, Alberto and Mairal, Julien},
booktitle={Advances in Neural Information Processing Systems},
year={2017}
}

@inproceedings{du2017svrgpe,
	author    = {Simon S. Du and
	Jianshu Chen and
	Lihong Li and
	Lin Xiao and
	Dengyong Zhou},
	title     = {Stochastic Variance Reduction Methods for Policy Evaluation},
	booktitle = {{ICML}},
	series    = {Proceedings of Machine Learning Research},
	volume    = {70},
	year      = {2017}
}

@inproceedings{harikandeh2015stopwasting,
	title={Stopwasting my gradients: Practical svrg},
	author={Harikandeh, Reza and Ahmed, Mohamed Osama and Virani, Alim and Schmidt, Mark and Kone{\v{c}}n{\`y}, Jakub and Sallinen, Scott},
	booktitle={Advances in Neural Information Processing Systems},
	year={2015}
}

@inproceedings{reddi2016stochastic,
	title={Stochastic variance reduction for nonconvex optimization},
	author={Reddi, Sashank J and Hefny, Ahmed and Sra, Suvrit and Poczos, Barnabas and Smola, Alex},
	booktitle={International conference on machine learning},
	year={2016}
}

@article{xu2017svrgtrpo,
	author    = {Tianbing Xu and
	Qiang Liu and
	Jian Peng},
	title     = {Stochastic Variance Reduction for Policy Gradient Estimation},
	journal   = {CoRR},
	volume    = {abs/1710.06034},
	year      = {2017}
}